@article{loinger07toggle,
  title={Stochastic simulations of genetic switch systems},
  author={Loinger, Adiel and Lipshtat, Azi and Balaban, Nathalie Q and Biham, Ofer},
  journal={Physical Review E},
  volume={75},
  number={2},
  pages={021904},
  year={2007},
  publisher={APS}
}

@article{loinger07repress,
  title={Stochastic simulations of the repressilator circuit},
  author={Loinger, Adiel and Biham, Ofer},
  journal={Physical Review E},
  volume={76},
  number={5},
  pages={051917},
  year={2007},
  publisher={APS}
}


@article{cao06,
  title={Efficient step size selection for the tau-leaping simulation method},
  author={Cao, Yang and Gillespie, Daniel T and Petzold, Linda R},
  journal={The Journal of chemical physics},
  volume={124},
  number={4},
  pages={044109},
  year={2006},
  publisher={American Institute of Physics}
}

@article{cai07,
  title={K-leap method for accelerating stochastic simulation of coupled chemical reactions},
  author={Cai, Xiaodong and Xu, Zhouyi},
  journal={The Journal of chemical physics},
  volume={126},
  number={7},
  pages={074102},
  year={2007},
  publisher={American Institute of Physics}
}

@article{elowitz00,
  title={A synthetic oscillatory network of transcriptional regulators},
  author={Elowitz, Michael B and Leibler, Stanislas},
  journal={Nature},
  volume={403},
  number={6767},
  pages={335--338},
  year={2000},
  publisher={Nature Publishing Group}
}

@article{komarova06,
  title={Spatial stochastic models for cancer initiation and progression},
  author={Komarova, Natalia L},
  journal={Bulletin of mathematical biology},
  volume={68},
  number={7},
  pages={1573--1599},
  year={2006},
  publisher={Springer}
}

@book{nowak06,
  title={Evolutionary dynamics: exploring the equations of life},
  author={Nowak, Martin A},
  year={2006},
  publisher={Harvard university press}
}

@article{couzin05,
  title={Effective leadership and decision-making in animal groups on the move},
  author={Couzin, Iain D and Krause, Jens and Franks, Nigel R and Levin, Simon A},
  journal={Nature},
  volume={433},
  number={7025},
  pages={513--516},
  year={2005},
  publisher={Nature Publishing Group}
}

@book{easley10,
  title={Networks, crowds, and markets},
  author={Easley, David and Kleinberg, Jon and others},
  volume={8},
  year={2010},
  publisher={Cambridge university press Cambridge}
}

@article{gardner00,
  title={Construction of a genetic toggle switch in Escherichia coli},
  author={Gardner, Timothy S and Cantor, Charles R and Collins, James J},
  journal={Nature},
  volume={403},
  number={6767},
  pages={339--342},
  year={2000},
  publisher={Nature Publishing Group}
}

@article{gonze20,
  title={The Goodwin oscillator and its legacy},
  author={Gonze, Didier and Ruoff, Peter},
  journal={Acta biotheoretica},
  pages={1--18},
  year={2020},
  publisher={Springer Netherlands}
}

@article{reichenbach07,
  title={Mobility promotes and jeopardizes biodiversity in rock--paper--scissors games},
  author={Reichenbach, Tobias and Mobilia, Mauro and Frey, Erwin},
  journal={Nature},
  volume={448},
  number={7157},
  pages={1046--1049},
  year={2007},
  publisher={Nature Publishing Group}
}

@book{gerstner14,
  title={Neuronal dynamics: From single neurons to networks and models of cognition},
  author={Gerstner, Wulfram and Kistler, Werner M and Naud, Richard and Paninski, Liam},
  year={2014},
  publisher={Cambridge University Press}
}